@article{PhysRevD.28.2129,
  title = {Quasielastic charmed-baryon production and exclusive strange-particle production by high-energy neutrinos},
  author = {Son, D. et al.},
  journal = {Phys. Rev. D},
  volume = {28},
  issue = {9},
  pages = {2129--2134},
  numpages = {0},
  year = {1983},
  month = {Nov},
  publisher = {American Physical Society},
  doi = {10.1103/PhysRevD.28.2129},
  url = {http://link.aps.org/doi/10.1103/PhysRevD.28.2129}
}



@article{PhysRevLett.33.1446,
  title = {Strange-Particle Production in Neutrino Interactions},
  author = {Barish, S. J. et al.},
  journal = {Phys. Rev. Lett.},
  volume = {33},
  issue = {24},
  pages = {1446--1449},
  numpages = {0},
  year = {1974},
  month = {Dec},
  publisher = {American Physical Society},
  doi = {10.1103/PhysRevLett.33.1446},
  url = {http://link.aps.org/doi/10.1103/PhysRevLett.33.1446}
}



@article{Noether1971,
  doi = {10.1080/00411457108231446},
  url = {http://dx.doi.org/10.1080/00411457108231446},
  year  = {1971},
  month = {jan},
  publisher = {Informa {UK} Limited},
  volume = {1},
  number = {3},
  pages = {186--207},
  author = {Emmy Noether},
  title = {Invariant variation problems},
  journal = {Transport Theory and Statistical Physics}
}

@book{abbott1986inflationary,
  title={Inflationary Cosmology},
  author={Abbott, L.F. and Pi, S.Y.},
  isbn={9789971978648},
  lccn={lc85029633},
  url={https://books.google.com/books?id=rtXlbmWcniYC},
  year={1986},
  publisher={World Scientific}
}

@article{Adams:LBNE,
      author         = "Adams C. et al.",
      archivePrefix  = "arXiv",
      primaryClass   = "physics.ins-det",
      	title   = "arXiv:1307.7335 ",
      SLACcitation   = "%%CITATION = 	arXiv:1307.7335  ;%%"
}

@article{RevModPhys.84.1307,
  title = {From eV to EeV: Neutrino cross sections across energy scales},
  author = {Formaggio, J. A. and Zeller, G. P.},
  journal = {Rev. Mod. Phys.},
  volume = {84},
  issue = {3},
  pages = {1307--1341},
  numpages = {0},
  year = {2012},
  month = {Sep},
  publisher = {American Physical Society},
  doi = {10.1103/RevModPhys.84.1307},
  url = {http://link.aps.org/doi/10.1103/RevModPhys.84.1307}
}


@article{PhysRev.168.1466,
  title = {Kaon-Nucleon Total Cross Sections from 0.6 to 2.65 GeV/    \textit{c}},
  author = {Bugg, D. V. and Gilmore, R. S. and Knight, K. M. and Salter, D. C. and Stafford, G. H. and Wilson, E. J. N. and Davies, J. D. and Dowell, J. D. and Hattersley, P. M. and Homer, R. J. and O'dell, A. W. and Carter, A. A. and Tapper, R. J. and Riley, K. F.},
  journal = {Phys. Rev.},
  volume = {168},
  issue = {5},
  pages = {1466--1475},
  numpages = {0},
  year = {1968},
  month = {Apr},
  publisher = {American Physical Society},
  doi = {10.1103/PhysRev.168.1466},
  url = {http://link.aps.org/doi/10.1103/PhysRev.168.1466}
}

@article{Friedman:1997eq,
      author         = "Friedman, E. and others",
      title          = "{K+ nucleus reaction and total cross-sections: New
                        analysis of transmission experiments}",
      journal        = "Phys. Rev.",
      volume         = "C55",
      year           = "1997",
      pages          = "1304-1311",
      doi            = "10.1103/PhysRevC.55.1304",
      SLACcitation   = "%%CITATION = PHRVA,C55,1304;%%"
}

@article{Yang2009,
  doi = {10.1140/epjc/s10052-009-1094-z},
  url = {http://dx.doi.org/10.1140/epjc/s10052-009-1094-z},
  year  = {2009},
  month = {aug},
  publisher = {Springer Science $\mathplus$ Business Media},
  volume = {63},
  number = {1},
  pages = {1--10},
  author = {T. Yang and C. Andreopoulos and H. Gallagher and K. Hofmann and P. Kehayias},
  title = {A hadronization model for few-{GeV} neutrino interactions},
  journal = {Eur. Phys. J. C}
}

@article{Sjstrand2006,
  doi = {10.1088/1126-6708/2006/05/026},
  url = {http://dx.doi.org/10.1088/1126-6708/2006/05/026},
  year  = {2006},
  month = {may},
  publisher = {Springer Science $\mathplus$ Business Media},
  volume = {2006},
  number = {05},
  pages = {026--026},
  author = {Torbj\"{o}rn Sj\"{o}strand and Stephen Mrenna and Peter Skands},
  title = {{PYTHIA} 6.4 physics and manual},
  journal = {Journal of High Energy Physics}
}

@article{Baker:1981tx,
      author         = "Baker, N. J. et al",
      title          = "{Strange Particle Production from Neutrino Interactions in the BNL 7-Ft Bubble Chamber}",
      journal        = "Phys. Rev.",
      volume         = "D24",
      year           = "1981",
      pages          = "2779-2786",
      doi            = "10.1103/PhysRevD.24.2779",
      reportNumber   = "BNL-29794",
      SLACcitation   = "%%CITATION = PHRVA,D24,2779;%%"
}
@article{DeProspo1994,
  doi = {10.1103/physrevd.50.6691},
  url = {http://dx.doi.org/10.1103/PhysRevD.50.6691},
  year  = {1994},
  month = {dec},
  publisher = {American Physical Society ({APS})},
  volume = {50},
  number = {11},
  pages = {6691--6703},
  author = {D. DeProspo et al},
  title = {Neutral strange particle production in neutrino and antineutrino charged-current interactions on neon},
  journal = {Physical Review D}
}

@article{Andreopoulos:2009rq,
      author         = "Andreopoulos, C. and others",
      title          = "{The GENIE Neutrino Monte Carlo Generator}",
      journal        = "Nucl. Instrum. Meth.",
      volume         = "A614",
      year           = "2010",
      pages          = "87-104",
      doi            = "10.1016/j.nima.2009.12.009",
      eprint         = "0905.2517",
      archivePrefix  = "arXiv",
      primaryClass   = "hep-ph",
      reportNumber   = "FERMILAB-PUB-09-418-CD",
      SLACcitation   = "%%CITATION = ARXIV:0905.2517;%%"
}

@article{PhysRevD.23.1070,
  title = {Fermi-motion effects in deep-inelastic lepton scattering from nuclear targets},
  author = {Bodek, A. and Ritchie, J. L.},
  journal = {Phys. Rev. D},
  volume = {23},
  issue = {5},
  pages = {1070--1091},
  numpages = {0},
  year = {1981},
  month = {Mar},
  publisher = {American Physical Society},
  doi = {10.1103/PhysRevD.23.1070},
  url = {http://link.aps.org/doi/10.1103/PhysRevD.23.1070}
}

@article{PhysRevD.24.1400,
  title = {Further studies of Fermi-motion effects in lepton scattering from nuclear targets},
  author = {Bodek, A. and Ritchie, J. L.},
  journal = {Phys. Rev. D},
  volume = {24},
  issue = {5},
  pages = {1400--1402},
  numpages = {0},
  year = {1981},
  month = {Sep},
  publisher = {American Physical Society},
  doi = {10.1103/PhysRevD.24.1400},
  url = {http://link.aps.org/doi/10.1103/PhysRevD.24.1400}
}

@article{LlewellynSmith:1971uhs,
      author         = "Llewellyn Smith, C. H.",
      title          = "{Neutrino Reactions at Accelerator Energies}",
      booktitle      = "{Gauge Theories and Neutrino Physics, Jacob, 1978:0175}",
      journal        = "Phys. Rept.",
      volume         = "3",
      year           = "1972",
      pages          = "261-379",
      doi            = "10.1016/0370-1573(72)90010-5",
      reportNumber   = "SLAC-PUB-0958",
      SLACcitation   = "%%CITATION = PRPLC,3,261;%%"
}

@article{Rein:1980wg,
      author         = "Rein, Dieter and Sehgal, Lalit M.",
      title          = "{Neutrino Excitation of Baryon Resonances and Single Pion
                        Production}",
      journal        = "Annals Phys.",
      volume         = "133",
      year           = "1981",
      pages          = "79-153",
      doi            = "10.1016/0003-4916(81)90242-6",
      reportNumber   = "PITHA-80-10",
      SLACcitation   = "%%CITATION = APNYA,133,79;%%"
}

@article{Yang:1999xg,
      author         = "Yang, Un-Ki and Bodek, A.",
      title          = "{Studies of higher twist and higher order effects in NLO
                        and NNLO QCD analysis of lepton nucleon scattering data on
                        F(2) and R = sigma(L) / sigma(T)}",
      journal        = "Eur. Phys. J.",
      volume         = "C13",
      year           = "2000",
      pages          = "241-245",
      doi            = "10.1007/s100520000320",
      eprint         = "hep-ex/9908058",
      archivePrefix  = "arXiv",
      primaryClass   = "hep-ex",
      reportNumber   = "UR-1581",
      SLACcitation   = "%%CITATION = HEP-EX/9908058;%%"
}

@article{Bradford2006,
  doi = {10.1016/j.nuclphysbps.2006.08.028},
  url = {http://dx.doi.org/10.1016/j.nuclphysbps.2006.08.028},
  year  = {2006},
  month = {sep},
  publisher = {Elsevier {BV}},
  volume = {159},
  pages = {127--132},
  author = {R. Bradford and A. Bodek and H. Budd and J. Arrington},
  title = {A New Parameterization of the Nucleon Elastic Form Factors},
  journal = {Nuclear Physics B - Proceedings Supplements}
}
@Article{Kuzmin:2006dh,
 author        = "Konstantin S. Kuzmin and Vladimir V. Lyubushkin and Vadim A. Naumov",
 title         = "Axial masses in quasielastic neutrino scattering and single-pion neutrinoproduction on nucleons and nuclei",
 journal       = "Acta Phys. Polon.",
 volume        = "B37",
 pages         = "2337-2348",
 year          = "2006",
 eprint        = "hep-ph/0606184",
 archivePrefix = "arXiv",
 note          = "XXth Max Born Symposium 'Nuclear effects in neutrino interactions,' Wroclaw, Poland, December 7-10, 2005",
}


@article{Juszczak2006,
  doi = {10.1016/j.nuclphysbps.2006.08.069},
  url = {http://dx.doi.org/10.1016/j.nuclphysbps.2006.08.069},
  year  = {2006},
  month = {sep},
  publisher = {Elsevier {BV}},
  volume = {159},
  pages = {211--216},
  author = {Cezary Juszczak and Jaros{\l}aw A. Nowak and Jan T. Sobczyk},
  title = {Simulations from a new neutrino event generator},
  journal = {Nuclear Physics B - Proceedings Supplements}
}

@article{Drakoulakos:2004gn,
      author         = "Drakoulakos, D. and others",
      title          = "{Proposal to perform a high-statistics neutrino
                        scattering experiment using a fine-grained detector in the
                        NuMI beam}",
      collaboration  = "MINERvA",
      year           = "2004",
      eprint         = "hep-ex/0405002",
      archivePrefix  = "arXiv",
      primaryClass   = "hep-ex",
      reportNumber   = "FERMILAB-PROPOSAL-0938, FERMILAB-P-938",
      SLACcitation   = "%%CITATION = HEP-EX/0405002;%%"
}

@article{AlvarezRuso2013,
  doi = {10.1103/physrevc.87.015503},
  url = {http://dx.doi.org/10.1103/PhysRevC.87.015503},
  year  = {2013},
  month = {jan},
  publisher = {American Physical Society ({APS})},
  volume = {87},
  number = {1},
  author = {L. Alvarez-Ruso and J. Nieves and I. Ruiz Simo and M. Valverde and M. J. Vicente Vacas},
  title = {Charged kaon production by coherent scattering of neutrinos and antineutrinos on nuclei},
  journal = {Phys. Rev. C}
}
@article{Koba1972,
  doi = {10.1016/0550-3213(72)90551-2},
  url = {http://dx.doi.org/10.1016/0550-3213(72)90551-2},
  year  = {1972},
  month = {jan},
  publisher = {Elsevier {BV}},
  volume = {40},
  pages = {317--334},
  author = {Z. Koba and H.B. Nielsen and P. Olesen},
  title = {Scaling of multiplicity distributions in high energy hadron collisions},
  journal = {Nuclear Physics B}
}
@article{RafiAlam2010,
  doi = {10.1103/physrevd.82.033001},
  url = {http://dx.doi.org/10.1103/PhysRevD.82.033001},
  year  = {2010},
  month = {aug},
  publisher = {American Physical Society ({APS})},
  volume = {82},
  number = {3},
  author = {M. Rafi Alam and I. Ruiz Simo and M. Sajjad Athar and M. J. Vicente Vacas},
  title = {Weak kaon production off the nucleon},
  journal = {Physical Review D}
}
@article{Jones1993, doi = {10.1007/bf01565049}, url = {http://dx.doi.org/10.1007/BF01565049}, year = {1993}, month = {jun}, publisher = {Springer Science $\mathplus$ Business Media}, volume = {57}, number = {2}, pages = {197--209}, author = {G. T. Jones et al.}, title = {Neutral strange particle production in neutrino and antineutrino charged current interactions on protons}, journal = {Z. Phys. C - Particles and Fields} }

@article{Allasia1983, doi = {10.1016/0550-3213(83)90309-7}, url = {http://dx.doi.org/10.1016/0550-3213(83)90309-7}, year = {1983}, month = {aug}, publisher = {Elsevier {BV}}, volume = {224}, number = {1}, pages = {1--20}, author = {D. Allasia et al.}, title = {Production of neutral strange particles in and antinumu d2 , numu d2 charged current interactions}, journal = {Nuclear Physics B} } 

@article{Astier:2001vi, author = "Astier, P. and others", title = "{A Study of strange particle production in muon-neutrino charged current interactions in the NOMAD experiment}", collaboration = "NOMAD", journal = "Nucl. Phys.", volume = "B621", year = "2002", pages = "3-34", doi = "10.1016/S0550-3213(01)00584-3", eprint = "hep-ex/0111057", archivePrefix = "arXiv", primaryClass = "hep-ex", reportNumber = "CERN-EP-2001-081", SLACcitation = "%%CITATION = HEP-EX/0111057;%%" }

@article{Erriquez:1978pg, author = "Erriquez, O. and others", title = "{Production of Strange Particles in anti-neutrino Interactions at the CERN PS}", journal = "Nucl. Phys.", volume = "B140", year = "1978", pages = "123-140", doi = "10.1016/0550-3213(78)90316-4", SLACcitation = "%%CITATION = NUPHA,B140,123;%%" }


@article{chirs,
      author         = "Chris Marshall",
      title          = "{Measurement of charged kaon production by neutrinos at MINERvA}",
      journal        = "His thesis",
}

@article{Rubbia:1977zz,
      author         = "Rubbia, C.",
      title          = "{The Liquid Argon Time Projection Chamber: A New Concept
                        for Neutrino Detectors}",
      year           = "1977",
      reportNumber   = "CERN-EP-INT-77-08",
      SLACcitation   = "%%CITATION = CERN-EP-INT-77-08;%%"
}
@article{Arneodo2004,
  doi = {10.1016/j.nima.2004.03.086},
  url = {http://dx.doi.org/10.1016/j.nima.2004.03.086},
  year  = {2004},
  month = {jun},
  publisher = {Elsevier {BV}},
  volume = {525},
  number = {1-2},
  pages = {118--121},
  author = {Francesco Arneodo},
  title = {The {ICARUS} T600 liquid Argon time projection chamber},
  journal = {Nuclear Instruments and Methods in Physics Research Section A: Accelerators,  Spectrometers,  Detectors and Associated Equipment}
}

@article{1748-0221-7-10-P10019,
  author={C Anderson et al},
  title={The ArgoNeuT detector in the NuMI low-energy beam line at Fermilab},
  journal={Journal of Instrumentation},
  volume={7},
  number={10},
  pages={P10019},
  url={http://stacks.iop.org/1748-0221/7/i=10/a=P10019},
  year={2012},
}
@article{Cavanna:2014iqa,
      author         = "Cavanna, F. and Kordosky, M. and Raaf, J. and Rebel, B.",
      title          = "{LArIAT: Liquid Argon In A Testbeam}",
      collaboration  = "LArIAT",
      year           = "2014",
      eprint         = "1406.5560",
      archivePrefix  = "arXiv",
      primaryClass   = "physics.ins-det",
      reportNumber   = "FERMILAB-PUB-14-268-E",
      SLACcitation   = "%%CITATION = ARXIV:1406.5560;%%"
}

@article{Acciarri:SBN,
      author         = "Acciarri et al.",
      archivePrefix  = "arXiv",
      primaryClass   = "physics.ins-det",
      	title   = "arXiv:1503.01520",
      SLACcitation   = "%%CITATION = ARXIV:1601.02984 ;%%"
}
@article{AguilarArevalo2009,
  doi = {10.1103/physrevd.79.072002},
  url = {http://dx.doi.org/10.1103/PhysRevD.79.072002},
  year  = {2009},
  month = {apr},
  publisher = {American Physical Society ({APS})},
  volume = {79},
  number = {7},
  author = {A. A. Aguilar-Arevalo et al.},
  title = {Neutrino flux prediction at {MiniBooNE}},
  journal = {Physical Review D}
}

@article{Acciarri:Dune,
      author         = "Acciarri et al.",
      archivePrefix  = "arXiv",
      primaryClass   = "physics.ins-det",
      	title   = "arXiv:1601.02984",
      SLACcitation   = "%%CITATION = ARXIV:1601.02984 ;%%"
}

@article{Dimopoulos:1981dw,
      author         = "Dimopoulos, Savas and Raby, Stuart and Wilczek, Frank",
      title          = "{Proton Decay in Supersymmetric Models}",
      journal        = "Phys. Lett.",
      volume         = "B112",
      year           = "1982",
      pages          = "133",
      doi            = "10.1016/0370-2693(82)90313-6",
      reportNumber   = "NSF-ITP-82-08, UM HE 81-64",
      SLACcitation   = "%%CITATION = PHLTA,B112,133;%%"
}

@article{Bajc20161,
title = "Threshold corrections to dimension-six proton decay operators in non-minimal \{SUSY\} SU(5) \{GUTs\} ",
journal = "Nuclear Physics B ",
volume = "910",
number = "",
pages = "1 - 22",
year = "2016",
note = "",
issn = "0550-3213",
doi = "http://dx.doi.org/10.1016/j.nuclphysb.2016.06.017",
url = "http://www.sciencedirect.com/science/article/pii/S0550321316301596",
author = "Borut Bajc and Junji Hisano and Takumi Kuwahara and Yuji Omura"
}

@article{PhysRevD.90.072005,
  title = {Search for proton decay via $p\ensuremath{\rightarrow}\ensuremath{\nu}{K}^{+}$ using $260\text{ }\text{ }\mathrm{kiloton}\ifmmode\cdot\else\textperiodcentered\fi{}\mathrm{year}$ data of Super-Kamiokande},
  author = {Abe, K. et al.},
  collaboration = {Super-Kamiokande Collaboration},
  journal = {Phys. Rev. D},
  volume = {90},
  issue = {7},
  pages = {072005},
  numpages = {14},
  year = {2014},
  month = {Oct},
  publisher = {American Physical Society},
  doi = {10.1103/PhysRevD.90.072005},
  url = {http://link.aps.org/doi/10.1103/PhysRevD.90.072005}
}

@article{PhysRevLett.115.121803,
  title = {Search for Nucleon and Dinucleon Decays with an Invisible Particle and a Charged Lepton in the Final State at the Super-Kamiokande Experiment},
  author = {Takhistov, V. et al.},
  collaboration = {The Super-Kamiokande Collaboration},
  journal = {Phys. Rev. Lett.},
  volume = {115},
  issue = {12},
  pages = {121803},
  numpages = {6},
  year = {2015},
  month = {Sep},
  publisher = {American Physical Society},
  doi = {10.1103/PhysRevLett.115.121803},
  url = {http://link.aps.org/doi/10.1103/PhysRevLett.115.121803}
}

@article{Bueno2007,
  doi = {10.1088/1126-6708/2007/04/041},
  url = {http://dx.doi.org/10.1088/1126-6708/2007/04/041},
  year  = {2007},
  month = {apr},
  publisher = {Springer Science $\mathplus$ Business Media},
  volume = {2007},
  number = {04},
  pages = {041--041},
  author = {Antonio Bueno et al.},
  title = {Nucleon decay searches with large liquid Argon {TPC} detectors at shallow depths: atmospheric neutrinos and cosmogenic backgrounds},
  journal = {Journal of High Energy Physics}
}
@article{fesbach1992theoretical,
  title={Theoretical nuclear physics: Nuclear reactions},
  author={Fesbach, H},
  year={1992},
  publisher={John Wiley \& Sons, Inc., New York, NY (United States)}
}

@article{1748-0221-8-08-P08005,
  author={R Acciarri et al.},
  title={A study of electron recombination using highly ionizing particles in the ArgoNeuT Liquid Argon TPC},
  journal={Journal of Instrumentation},
  volume={8},
  number={08},
  pages={P08005},
  url={http://stacks.iop.org/1748-0221/8/i=08/a=P08005},
  year={2013},
}
@article{AguilarArevalo:2008yp,
      author         = "Aguilar-Arevalo, A. A. and others",
      title          = "{The Neutrino Flux prediction at MiniBooNE}",
      collaboration  = "MiniBooNE",
      journal        = "Phys. Rev.",
      volume         = "D79",
      year           = "2009",
      pages          = "072002",
      doi            = "10.1103/PhysRevD.79.072002",
      eprint         = "0806.1449",
      archivePrefix  = "arXiv",
      primaryClass   = "hep-ex",
      reportNumber   = "FERMILAB-PUB-08-161-AD-E",
      SLACcitation   = "%%CITATION = ARXIV:0806.1449;%%"
}